<?xml version="1.0" encoding="utf-8"?>
<record xmlns="http://www.loc.gov/MARC21/slim" xmlns:xsi="http://www.w3.org/2001/XMLSchema-instance" xsi:schemaLocation="http://www.loc.gov/MARC21/slim http://www.loc.gov/standards/marcxml/schema/MARC21slim.xsd">
	<leader>     nam a22     Mi 4500</leader>
	<controlfield tag="001">b27162813</controlfield>
	<controlfield tag="003">UaCaAUL</controlfield>
	<controlfield tag="006">m        d        </controlfield>
	<controlfield tag="007">cr cn |||m|||a</controlfield>
	<controlfield tag="008">191028s1950    xx h    o     000 0bara d</controlfield>
	<datafield ind1=" " ind2=" " tag="040">
		<subfield code="a">ZYU</subfield>
		<subfield code="b">ara</subfield>
		<subfield code="e">rda</subfield>
		<subfield code="c">ZYU</subfield>
	</datafield>
	<datafield ind1=" " ind2=" " tag="043">
		<subfield code="a">f-ua---</subfield>
		<subfield code="a">aw-----</subfield>
		<subfield code="a">ff-----</subfield>
		<subfield code="a">e-sp---</subfield>
	</datafield>
	<datafield ind1=" " ind2="4" tag="050">
		<subfield code="a">DT96.3 .T3</subfield>
		<subfield code="b">.86x 1950</subfield>
	</datafield>
	<datafield ind1="1" ind2=" " tag="100">
		<subfield code="6">880-01</subfield>
		<subfield code="a">ʻAynī, Badr al-Dīn Maḥmūd ibn Aḥmad,</subfield>
		<subfield code="d">1361-1451,</subfield>
		<subfield code="e">author.</subfield>
	</datafield>
	<datafield ind1="1" ind2="0" tag="240">
		<subfield code="6">880-02</subfield>
		<subfield code="a">Rawḍ al-zāhir fī sīrat al-Malik al-Ẓāhir Ṭaṭar</subfield>
	</datafield>
	<datafield ind1="1" ind2="3" tag="245">
		<subfield code="6">880-03</subfield>
		<subfield code="a">al-Rawḍ al-zāhir fī sīrat al-Malik al-Ẓāhir (Ṭaṭar) /</subfield>
		<subfield code="c">lil-ʻAllāmah Maḥmūd ibn Aḥmad al-maʻrūf bi-al-Badr al-ʻAynī al-mutawaffá sanat 855 H raḥimahu Allāh ; qaddama la-hu Ṣāḥib al-Samāḥah al-ʻAllāmah al-Shaykh Muḥammad Zāhid al-Kawtharī.</subfield>
	</datafield>
	<datafield ind1=" " ind2="1" tag="264">
		<subfield code="6">880-04</subfield>
		<subfield code="a">[Place of publication not identified] :</subfield>
		<subfield code="b">Dār al-Anwār lil-Ṭabʻ wa-al-Tajlīd,</subfield>
		<subfield code="c">1370 [1950]</subfield>
	</datafield>
	<datafield ind1=" " ind2=" " tag="300">
		<subfield code="a">online resource (47 pages) :</subfield>
		<subfield code="b">facsimile</subfield>
	</datafield>
	<datafield ind1=" " ind2=" " tag="336">
		<subfield code="a">text</subfield>
		<subfield code="2">rdacontent</subfield>
	</datafield>
	<datafield ind1=" " ind2=" " tag="337">
		<subfield code="a">computer</subfield>
		<subfield code="2">rdamedia</subfield>
	</datafield>
	<datafield ind1=" " ind2=" " tag="338">
		<subfield code="a">online resource</subfield>
		<subfield code="2">rdacarrier</subfield>
	</datafield>
	<datafield ind1=" " ind2=" " tag="500">
		<subfield code="a">Includes errata.</subfield>
	</datafield>
	<datafield ind1=" " ind2=" " tag="500">
		<subfield code="a">Part of the Arabic Collections Online (ACO) project, contributed by American University in Cairo Library.</subfield>
	</datafield>
	<datafield ind1=" " ind2=" " tag="533">
		<subfield code="a">Electronic reproduction.</subfield>
		<subfield code="b">New York, N.Y. :</subfield>
		<subfield code="c">New York University,</subfield>
		<subfield code="d">2019.</subfield>
		<subfield code="5">NNU</subfield>
	</datafield>
	<datafield ind1="0" ind2="4" tag="600">
		<subfield code="6">880-05</subfield>
		<subfield code="a">Sayf al-Dīn Ṭaṭar</subfield>
		<subfield code="b">II,</subfield>
		<subfield code="c">Sultan of Egypt,</subfield>
		<subfield code="d">-1421.</subfield>
	</datafield>
	<datafield ind1="1" ind2="0" tag="600">
		<subfield code="6">880-06</subfield>
		<subfield code="a">Ṭaṭar, al-Malik al-Ẓāhir,</subfield>
		<subfield code="c">Sultan of Egypt and Syria,</subfield>
		<subfield code="d">-1421.</subfield>
	</datafield>
	<datafield ind1=" " ind2="0" tag="651">
		<subfield code="a">Egypt</subfield>
		<subfield code="x">History</subfield>
		<subfield code="y">1250-1517</subfield>
		<subfield code="v">Early works to 1800.</subfield>
	</datafield>
	<datafield ind1=" " ind2="0" tag="650">
		<subfield code="a">Mamelukes</subfield>
		<subfield code="x">History</subfield>
		<subfield code="v">Early works to 1800.</subfield>
	</datafield>
	<datafield ind1=" " ind2="0" tag="651">
		<subfield code="a">Islamic Empire</subfield>
		<subfield code="x">History</subfield>
		<subfield code="y">1258-1517</subfield>
		<subfield code="v">Early works to 1800.</subfield>
	</datafield>
	<datafield ind1=" " ind2="7" tag="650">
		<subfield code="a">Mamelukes.</subfield>
		<subfield code="2">fast</subfield>
		<subfield code="0">(OCoLC)fst01006922</subfield>
	</datafield>
	<datafield ind1=" " ind2="7" tag="651">
		<subfield code="a">Egypt.</subfield>
		<subfield code="2">fast</subfield>
		<subfield code="0">(OCoLC)fst01208755</subfield>
	</datafield>
	<datafield ind1=" " ind2="7" tag="651">
		<subfield code="a">Islamic Empire.</subfield>
		<subfield code="2">fast</subfield>
		<subfield code="0">(OCoLC)fst01244134</subfield>
	</datafield>
	<datafield ind1=" " ind2="7" tag="648">
		<subfield code="a">1250-1517</subfield>
		<subfield code="2">fast</subfield>
	</datafield>
	<datafield ind1=" " ind2="7" tag="655">
		<subfield code="a">Early works.</subfield>
		<subfield code="2">fast</subfield>
		<subfield code="0">(OCoLC)fst01411636</subfield>
	</datafield>
	<datafield ind1=" " ind2="7" tag="655">
		<subfield code="a">History.</subfield>
		<subfield code="2">fast</subfield>
		<subfield code="0">(OCoLC)fst01411628</subfield>
	</datafield>
	<datafield ind1="1" ind2=" " tag="700">
		<subfield code="6">880-07</subfield>
		<subfield code="a">Kawtharī, Muḥammad Zāhid ibn al-Ḥasan,</subfield>
		<subfield code="e">writer of supplementary textual content.</subfield>
	</datafield>
	<datafield ind1="2" ind2=" " tag="710">
		<subfield code="a">American University in Cairo.</subfield>
		<subfield code="b">Library.</subfield>
	</datafield>
	<datafield ind1="0" ind2=" " tag="730">
		<subfield code="a">Arabic Collections Online.</subfield>
	</datafield>
	<datafield ind1="0" ind2="8" tag="776">
		<subfield code="i">Print version:</subfield>
		<subfield code="a">ʻAynī, Badr al-Dīn Maḥmūd ibn Aḥmad, 1361-1451, author.</subfield>
		<subfield code="t">al-Rawḍ al-zāhir fī sīrat al-Malik al-Ẓāhir (Ṭaṭar)</subfield>
		<subfield code="w">(UaCaAUL)b27162813</subfield>
		<subfield code="w">(OCoLC)80196828</subfield>
	</datafield>
	<datafield ind1="4" ind2="0" tag="856">
		<subfield code="u">http://hdl.handle.net/2333.1/stqjqbbx</subfield>
	</datafield>
	<datafield ind1="1" ind2=" " tag="880">
		<subfield code="6">100-01</subfield>
		<subfield code="a">عيني، بدر الدين محمود بن أحمد،</subfield>
		<subfield code="d">1361-1451.</subfield>
	</datafield>
	<datafield ind1="1" ind2="0" tag="880">
		<subfield code="6">240-02</subfield>
		<subfield code="a">روض الزاهر في سيرة الملك الظاهر ططر</subfield>
	</datafield>
	<datafield ind1="1" ind2="2" tag="880">
		<subfield code="6">245-03</subfield>
		<subfield code="a">الروض الزاهر في سيرة الملك الظاهر (ططر) /</subfield>
		<subfield code="c">للعلامة محمود بن أحمد المعروف بالبدر العيني المتوفى سنة 855 هـ رحمه الله ؛ قدم له صاحب السماحة العلامة الشيخ محمد زاهد الكوثري.</subfield>
	</datafield>
	<datafield ind1=" " ind2="1" tag="880">
		<subfield code="6">264-04</subfield>
		<subfield code="a">[Place of publication not identified] :</subfield>
		<subfield code="b">دار الانوار للطبع والتجليد،</subfield>
		<subfield code="c">1370 [1950]</subfield>
	</datafield>
	<datafield ind1="0" ind2="4" tag="880">
		<subfield code="6">600-05</subfield>
		<subfield code="a">سيف الدين ططر</subfield>
		<subfield code="b">الثاني،</subfield>
		<subfield code="c">سلطان مصر،,</subfield>
		<subfield code="d">-1421.</subfield>
	</datafield>
	<datafield ind1="1" ind2="4" tag="880">
		<subfield code="6">600-06</subfield>
		<subfield code="a">ططر، الملك الظاهر،</subfield>
		<subfield code="c">سلطان مصر وسوريا،,</subfield>
		<subfield code="d">-1421.</subfield>
	</datafield>
	<datafield ind1="1" ind2=" " tag="880">
		<subfield code="6">700-07</subfield>
		<subfield code="a">كوثري، محمد زاهد بن الحسن.</subfield>
	</datafield>
	<datafield ind1=" " ind2=" " tag="959">
		<subfield code="a">NNU</subfield>
		<subfield code="b">WEB</subfield>
		<subfield code="c">GENI</subfield>
		<subfield code="t">0</subfield>
		<subfield code="m">Electronic access</subfield>
		<subfield code="s">01</subfield>
	</datafield>
	<datafield ind1=" " ind2=" " tag="999">
		<subfield code="i">UaCaAUL_b27162813</subfield>
		<subfield code="o">(OCoLC)ocm80196828</subfield>
		<subfield code="s">auc_aco000612</subfield>
		<subfield code="e">(ERROR-880)</subfield>
		<subfield code="s">auc_aco000612</subfield>
	</datafield>
</record>
